<record><leader>00000cas a22000007a 4500</leader><controlfield tag="001">32881536</controlfield><controlfield tag="008">950727d18731875inuwr ne      0    0eng d</controlfield><datafield ind1=" " ind2=" " tag="010"><subfield code="a">sn 95068638 </subfield></datafield><datafield ind1=" " ind2=" " tag="040"><subfield code="a">MGN</subfield><subfield code="b">eng</subfield><subfield code="c">MGN</subfield><subfield code="d">OCLCQ</subfield></datafield><datafield ind1=" " ind2=" " tag="042"><subfield code="a">msc</subfield></datafield><datafield ind1="0" ind2="0" tag="245"><subfield code="a">Gosport tribune.</subfield></datafield><datafield ind1=" " ind2=" " tag="260"><subfield code="a">Gosport, Ind. :</subfield><subfield code="b">J.F. Harner &amp; Co.</subfield></datafield><datafield ind1=" " ind2=" " tag="300"><subfield code="a">v.</subfield></datafield><datafield ind1=" " ind2=" " tag="310"><subfield code="a">Weekly</subfield></datafield><datafield ind1="1" ind2=" " tag="362"><subfield code="a">Began in 1873; ceased in 1875?</subfield></datafield><datafield ind1=" " ind2=" " tag="500"><subfield code="a">Editors: J.F. Harner and J.W. Cooper, &lt;1874&gt;; J.W. Cooper, &lt;1875&gt;.</subfield></datafield><datafield ind1=" " ind2=" " tag="588"><subfield code="a">Description based on: Vol. 1, no. 47 (Aug. 18, 1874).</subfield></datafield><datafield ind1="1" ind2=" " tag="700"><subfield code="a">Harner, J. F.</subfield></datafield><datafield ind1="1" ind2=" " tag="700"><subfield code="a">Cooper, J. W.</subfield></datafield><datafield ind1=" " ind2=" " tag="752"><subfield code="a">United States</subfield><subfield code="b">Indiana</subfield><subfield code="c">Owen</subfield><subfield code="d">Gosport.</subfield></datafield></record>